@inproceedings[levin04]{levin2004colorization,
	title={Colorization using optimization},
	author={Levin, Anat and Lischinski, Dani and Weiss, Yair},
	booktitle={ACM Transactions on Graphics (TOG)},
	volume={23},
	number={3},
	pages={689--694},
	year={2004},
	organization={ACM}
}

@article{yatziv2006fast,
	title={Fast image and video colorization using chrominance blending},
	author={Yatziv, Liron and Sapiro, Guillermo},
	journal={Image Processing, IEEE Transactions on},
	volume={15},
	number={5},
	pages={1120--1129},
	year={2006},
	publisher={IEEE}
}

@article{hyun2009reliable,
	title={RELIABLE COLORIZATION ALGORITHM FOR IMAGES AND VIDEOS},
	author={Hyun, Dae-Young and Heu, Jun-Hee and Kim, Chang-Su and Lee, Sang-Uk},
	journal={Institute for Information Technology Advancement)(IITA},
	volume={1090},
	pages={0902--0018},
	year={2009}
}

@article{horiuchi2004colorization,
	title={Colorization algorithm using probabilistic relaxation},
	author={Horiuchi, Takahiko},
	journal={Image and Vision Computing},
	volume={22},
	number={3},
	pages={197--202},
	year={2004},
	publisher={Elsevier}
}

@inproceedings{horiuchi2003colorization,
	title={Colorization algorithm for grayscale image by propagating seed pixels},
	author={Horiuchi, Takahiko and Hirano, Sayaka},
	booktitle={Image Processing, 2003. ICIP 2003. Proceedings. 2003 International Conference on},
	volume={1},
	pages={I--457},
	year={2003},
	organization={IEEE}
}

@article{fornasier2004nonlinear,
	title={Nonlinear projection digital image inpainting and restoration methods},
	author={Fornasier, Massimo},
	journal={arXiv preprint math/0412112},
	year={2004}
}

@inproceedings{konushin2006interactive,
	title={Interactive image colorization and recoloring based on coupled map lattices},
	author={Konushin, Vadim and Vezhnevets, Vladimir},
	booktitle={Graphiconâ€™2006 conference proceedings, Novosibirsk Akademgorodok, Russia},
	pages={231--234},
	year={2006}
}
